<record><leader>00000cas a2200000 a 4500</leader><controlfield tag="001">44878687</controlfield><controlfield tag="008">000825d19191920gs wr ne      0    0rus c</controlfield><datafield ind1=" " ind2=" " tag="010"><subfield code="a">   00225370 </subfield></datafield><datafield ind1=" " ind2=" " tag="040"><subfield code="a">CRL</subfield><subfield code="b">eng</subfield><subfield code="c">CRL</subfield><subfield code="d">OCLCQ</subfield><subfield code="d">OCLCF</subfield><subfield code="d">OCLCO</subfield><subfield code="d">Y5J</subfield></datafield><datafield ind1="1" ind2=" " tag="029"><subfield code="a">AU@</subfield><subfield code="b">000021741444</subfield></datafield><datafield ind1=" " ind2=" " tag="042"><subfield code="a">pcc</subfield></datafield><datafield ind1=" " ind2=" " tag="043"><subfield code="a">a-gs---</subfield><subfield code="a">e-urr--</subfield></datafield><datafield ind1=" " ind2=" " tag="096"><subfield code="a">500000000</subfield></datafield><datafield ind1="0" ind2="0" tag="245"><subfield code="a">Vol&#697;nyi&#774; goret&#65056;s&#65057;.</subfield></datafield><datafield ind1=" " ind2=" " tag="260"><subfield code="a">Tiflis :</subfield><subfield code="b">Gos. tip.,</subfield><subfield code="c">1919-1920.</subfield></datafield><datafield ind1=" " ind2=" " tag="300"><subfield code="a">2 v. :</subfield><subfield code="b">ill. ;</subfield><subfield code="c">55-58 cm.</subfield></datafield><datafield ind1=" " ind2=" " tag="310"><subfield code="a">Weekly,</subfield><subfield code="b">June 7, 1920-Dec. 31, 1920</subfield></datafield><datafield ind1=" " ind2=" " tag="321"><subfield code="a">Weekly,</subfield><subfield code="b">Sept. 8, 1919-Nov. 20, 1919</subfield></datafield><datafield ind1=" " ind2=" " tag="321"><subfield code="a">Semiweekly,</subfield><subfield code="b">Nov. 24, 1919-Apr. 12, 1920</subfield></datafield><datafield ind1="0" ind2=" " tag="362"><subfield code="a">No 1. (8 sent. 1919 g.)-no 68. (31 dek. 1920 g.).</subfield></datafield><datafield ind1=" " ind2=" " tag="500"><subfield code="a">"Organ revoli&#65056;u&#65057;t&#65056;s&#65057;ionnoi&#774; demokrati&#772;i gorskikh narodov Si&#65056;e&#65057;vernago Kavkaza," Sept. 8, 1919-Apr. 12, 1920; "Organ sot&#65056;s&#65057;i&#772;al-demokraticheskoi&#774; mysli," June 7-Dec. 31, 1920.</subfield></datafield><datafield ind1=" " ind2=" " tag="500"><subfield code="a">Publisher: Tip. Gruzinskogo pravitel&#697;stva, June 7-Dec. 31, 1920.</subfield></datafield><datafield ind1=" " ind2=" " tag="515"><subfield code="a">Issues for Sept. 8, 1919-Dec. 31, 1920 also called 1-68.</subfield></datafield><datafield ind1=" " ind2=" " tag="530"><subfield code="a">Also issued on microfilm from New York Public Library.</subfield></datafield><datafield ind1=" " ind2=" " tag="550"><subfield code="a">Issued by: Komitet gort&#65056;s&#65057;ev S. Kavkaza, Sept. 8, 1919; Soi&#65056;u&#65057;znyi&#774; medzhlis gorskikh narodov Kavkaza, Sept. 22-Nov. 10, 1919; Sovi&#65056;e&#65057;t oborony Dagestana, Nov. 17-Nov. 20, 1919; Sovi&#65056;e&#65057;t oborony Respubliki gort&#65056;s&#65057;ev Kavkaza, Nov. 24, 1919-Jan. 19, 1920.</subfield></datafield><datafield ind1=" " ind2="0" tag="651"><subfield code="a">Caucasus, Northern (Russia)</subfield><subfield code="v">Newspapers.</subfield></datafield><datafield ind1=" " ind2="0" tag="651"><subfield code="a">T&#699;bilisi (Georgia)</subfield><subfield code="v">Newspapers.</subfield></datafield><datafield ind1=" " ind2="7" tag="651"><subfield code="a">Caucasus, Northern.</subfield><subfield code="2">fast</subfield><subfield code="0">(OCoLC)fst01692709</subfield></datafield><datafield ind1=" " ind2="7" tag="651"><subfield code="a">Georgia (Republic)</subfield><subfield code="z">T&#699;bilisi.</subfield><subfield code="2">fast</subfield><subfield code="0">(OCoLC)fst01206337</subfield></datafield><datafield ind1=" " ind2="7" tag="655"><subfield code="a">Newspapers.</subfield><subfield code="2">fast</subfield><subfield code="0">(OCoLC)fst01423814</subfield></datafield><datafield ind1="2" ind2=" " tag="710"><subfield code="a">Komitet gort&#65056;s&#65057;ev S. Kavkaza.</subfield></datafield><datafield ind1="2" ind2=" " tag="710"><subfield code="a">Soi&#65056;u&#65057;znyi&#774; medzhlis gorskikh narodov Kavkaza.</subfield></datafield><datafield ind1="2" ind2=" " tag="710"><subfield code="a">Sovi&#65056;e&#65057;t oborony Dagestana.</subfield></datafield><datafield ind1="2" ind2=" " tag="710"><subfield code="a">Sovi&#65056;e&#65057;t oborony Respubliki gort&#65056;s&#65057;ev Kavkaza.</subfield></datafield><datafield ind1=" " ind2=" " tag="752"><subfield code="a">Georgia (Republic)</subfield><subfield code="d">T&#699;bilisi.</subfield></datafield><datafield ind1="1" ind2=" " tag="776"><subfield code="c">Microfilm</subfield><subfield code="d">New York Public Library</subfield><subfield code="w">(DLC)sn 94086176</subfield><subfield code="w">(OCoLC)29806705</subfield></datafield><datafield ind1="0" ind2="0" tag="785"><subfield code="t">Nezavisimyi&#774; goret&#65056;s&#65057;</subfield></datafield></record>